<record><leader>00000cas a2200000 a 4500</leader><controlfield tag="001">742076477</controlfield><controlfield tag="008">110722d194u19uuoruwr ne      0    0eng c</controlfield><datafield ind1=" " ind2=" " tag="010"><subfield code="a">  2011260112</subfield></datafield><datafield ind1=" " ind2=" " tag="040"><subfield code="a">ORU</subfield><subfield code="b">eng</subfield><subfield code="c">ORU</subfield><subfield code="d">ORU</subfield><subfield code="d">OCLCF</subfield></datafield><datafield ind1=" " ind2=" " tag="042"><subfield code="a">pcc</subfield></datafield><datafield ind1=" " ind2=" " tag="043"><subfield code="a">n-us-or</subfield></datafield><datafield ind1="0" ind2=" " tag="130"><subfield code="a">Portland sun (Portland, Or.)</subfield></datafield><datafield ind1="1" ind2="4" tag="245"><subfield code="a">The Portland sun.</subfield></datafield><datafield ind1="3" ind2="0" tag="246"><subfield code="a">Sun</subfield></datafield><datafield ind1=" " ind2=" " tag="260"><subfield code="a">Portland, Or. :</subfield><subfield code="b">John M. Richardson</subfield></datafield><datafield ind1=" " ind2=" " tag="300"><subfield code="a">v.</subfield></datafield><datafield ind1=" " ind2=" " tag="310"><subfield code="a">Weekly</subfield></datafield><datafield ind1=" " ind2=" " tag="500"><subfield code="a">Portland appears in the masthead ornament.</subfield></datafield><datafield ind1=" " ind2=" " tag="500"><subfield code="a">Publisher varies.</subfield></datafield><datafield ind1=" " ind2=" " tag="515"><subfield code="a">Publication suspended from June 1949-Jan. 1950.</subfield></datafield><datafield ind1=" " ind2=" " tag="530"><subfield code="a">Also available on microfilm from University of Oregon.</subfield></datafield><datafield ind1=" " ind2=" " tag="588"><subfield code="a">Description based on:  Volume 2, Number 46 (Jan. 6, 1950); title from masthead.</subfield></datafield><datafield ind1=" " ind2=" " tag="588"><subfield code="a">Latest issue consulted: Vol. 14, No. 30 (Oct. 25, 1951).</subfield></datafield><datafield ind1=" " ind2="0" tag="651"><subfield code="a">Portland (Or.)</subfield><subfield code="v">Newspapers.</subfield></datafield><datafield ind1=" " ind2="7" tag="655"><subfield code="a">Newspapers.</subfield><subfield code="2">fast</subfield><subfield code="0">(OCoLC)fst01423814</subfield></datafield><datafield ind1=" " ind2="7" tag="651"><subfield code="a">Oregon</subfield><subfield code="z">Portland.</subfield><subfield code="2">fast</subfield><subfield code="0">(OCoLC)fst01204325</subfield></datafield><datafield ind1=" " ind2=" " tag="752"><subfield code="a">United States</subfield><subfield code="b">Oregon</subfield><subfield code="c">Multnomah</subfield><subfield code="d">Portland.</subfield></datafield></record>